<record><leader>00000cas a2200000 a 4500</leader><controlfield tag="001">38139013</controlfield><controlfield tag="008">971229c19909999vtubr n       0    0eng d</controlfield><datafield ind1=" " ind2=" " tag="010"><subfield code="a">sn 00064160 </subfield></datafield><datafield ind1=" " ind2=" " tag="040"><subfield code="a">VTU</subfield><subfield code="b">eng</subfield><subfield code="c">VTU</subfield><subfield code="d">NVN</subfield><subfield code="d">OCLCQ</subfield></datafield><datafield ind1=" " ind2=" " tag="037"><subfield code="b">East Montpelier Signpost, RFD 1, Box 80, East Montpelier, Vt. 05651</subfield></datafield><datafield ind1=" " ind2=" " tag="043"><subfield code="a">n-us-vt</subfield></datafield><datafield ind1=" " ind2=" " tag="090"><subfield code="a">PN4899.M64</subfield><subfield code="b">E27</subfield></datafield><datafield ind1="0" ind2="0" tag="245"><subfield code="a">East Montpelier signpost.</subfield></datafield><datafield ind1=" " ind2=" " tag="260"><subfield code="a">East Montpelier, Vt. :</subfield><subfield code="b">Jean Cate,</subfield><subfield code="c">1990-</subfield></datafield><datafield ind1=" " ind2=" " tag="300"><subfield code="a">v. :</subfield><subfield code="b">ill. ;</subfield><subfield code="c">28 cm.</subfield></datafield><datafield ind1=" " ind2=" " tag="310"><subfield code="a">Bimonthly</subfield></datafield><datafield ind1="0" ind2=" " tag="362"><subfield code="a">Vol. 1, no. 1 (Sept./Oct. 1990)-</subfield></datafield><datafield ind1=" " ind2=" " tag="515"><subfield code="a">Some irregularities in numbering and dates.</subfield></datafield><datafield ind1=" " ind2="0" tag="651"><subfield code="a">East Montpelier (Vt.)</subfield><subfield code="v">Newspapers.</subfield></datafield><datafield ind1=" " ind2=" " tag="752"><subfield code="a">United States</subfield><subfield code="b">Vermont</subfield><subfield code="c">Washington</subfield><subfield code="d">East Montpelier.</subfield></datafield></record>